<collection xmlns="http://www.loc.gov/MARC21/slim">
<record>
  <leader>02720nam0a2200433 i 450 </leader>
  <controlfield tag="001">IT\ICCU\CNCE\051225</controlfield>
  <controlfield tag="005">20120808000000.0</controlfield>
  <datafield tag="012" ind1=" " ind2=" ">
    <subfield code="a">toso toel e.ar Anes (C) 1516 (R)</subfield>
    <subfield code="2">fei</subfield>
  </datafield>
  <datafield tag="100" ind1=" " ind2=" ">
    <subfield code="a">20001205d1516        0itac0103    ba</subfield>
  </datafield>
  <datafield tag="101" ind1=" " ind2=" ">
    <subfield code="a">ITA</subfield>
  </datafield>
  <datafield tag="102" ind1=" " ind2=" ">
    <subfield code="a">IT</subfield>
  </datafield>
  <datafield tag="200" ind1="1" ind2=" ">
    <subfield code="a">Queste sono le cose contenute in questo dignissimo fasciculo di medicina vulgare: in el qual si contiene le sotoscripte cosse per sanita del corpo humano. El modo de iudicar la urina ... El modo di trazer el sangue &amp; sotto ache pianeto. La figura de lhuomo come le sottoposto ali pianeti.La figura dela matrice trata dal natural. El consiglio per la peste de maestro Piero da Tusignano. La anathomia de maestro Mondino ... Virtu dalcune herbe secondo Plinio &amp; Alberto magno ...</subfield>
  </datafield>
  <datafield tag="210" ind1=" " ind2=" ">
    <subfield code="e">Stampito \!! in Milano</subfield>
    <subfield code="g">per Ioanne Angelo Scinzenzeler</subfield>
    <subfield code="h">1516 adi XXX de luyo</subfield>
  </datafield>
  <datafield tag="215" ind1=" " ind2=" ">
    <subfield code="a">\46! c.: ill.</subfield>
    <subfield code="d">fol</subfield>
  </datafield>
  <datafield tag="620" ind1=" " ind2=" ">
    <subfield code="a">IT</subfield>
    <subfield code="d">Milano</subfield>
  </datafield>
  <datafield tag="700" ind1=" " ind2="1">
    <subfield code="a">Ketham,</subfield>
    <subfield code="b">Johannes</subfield>
    <subfield code="3">IT\ICCU\CNCA\008778</subfield>
  </datafield>
  <datafield tag="702" ind1=" " ind2="0">
    <subfield code="a">Pietro</subfield>
    <subfield code="c"> : da#Tossignano</subfield>
    <subfield code="3">IT\ICCU\CNCA\010015</subfield>
  </datafield>
  <datafield tag="702" ind1=" " ind2="1">
    <subfield code="a">Plinius Caecilius Secundus,</subfield>
    <subfield code="b">Gaius</subfield>
    <subfield code="3">IT\ICCU\CNCA\010213</subfield>
  </datafield>
  <datafield tag="702" ind1=" " ind2="0">
    <subfield code="a">Albertus</subfield>
    <subfield code="c"> : Magnus</subfield>
    <subfield code="c"> &lt;santo&gt;</subfield>
    <subfield code="3">IT\ICCU\CNCA\000555</subfield>
  </datafield>
  <datafield tag="702" ind1=" " ind2="0">
    <subfield code="a">Mondino</subfield>
    <subfield code="c"> : dei#Liucci</subfield>
    <subfield code="3">IT\ICCU\CNCA\001094</subfield>
  </datafield>
  <datafield tag="712" ind1="0" ind2="0">
    <subfield code="a">Scinzenzeler, Giovanni Angelo</subfield>
    <subfield code="3">IT\ICCU\CNCT\000084</subfield>
    <subfield code="4">650</subfield>
  </datafield>
  <datafield tag="790" ind1=" " ind2="0">
    <subfield code="a">Kartham</subfield>
    <subfield code="c"> : Alemanus</subfield>
    <subfield code="3">IT\ICCU\CNCA\019468</subfield>
    <subfield code="z">Ketham, Johannes</subfield>
  </datafield>
  <datafield tag="790" ind1=" " ind2="1">
    <subfield code="a">Karcham,</subfield>
    <subfield code="b">Johannes : de</subfield>
    <subfield code="3">IT\ICCU\CNCA\019469</subfield>
    <subfield code="z">Ketham, Johannes</subfield>
  </datafield>
  <datafield tag="790" ind1=" " ind2="1">
    <subfield code="a">Ketum,</subfield>
    <subfield code="b">Johannes : von</subfield>
    <subfield code="3">IT\ICCU\CNCA\019470</subfield>
    <subfield code="z">Ketham, Johannes</subfield>
  </datafield>
  <datafield tag="790" ind1=" " ind2="1">
    <subfield code="a">Ketham,</subfield>
    <subfield code="b">Johann : von</subfield>
    <subfield code="3">IT\ICCU\CNCA\019477</subfield>
    <subfield code="z">Ketham, Johannes</subfield>
  </datafield>
  <datafield tag="790" ind1=" " ind2="1">
    <subfield code="a">Tussignano,</subfield>
    <subfield code="b">Pietro</subfield>
    <subfield code="3">IT\ICCU\CNCA\022458</subfield>
    <subfield code="z">Pietro : da#Tossignano</subfield>
  </datafield>
  <datafield tag="790" ind1=" " ind2="1">
    <subfield code="a">Da_Tossignano,</subfield>
    <subfield code="b">Pietro</subfield>
    <subfield code="3">IT\ICCU\CNCA\022459</subfield>
    <subfield code="z">Pietro : da#Tossignano</subfield>
  </datafield>
  <datafield tag="790" ind1=" " ind2="1">
    <subfield code="a">Tossignano,</subfield>
    <subfield code="b">Pietro : de</subfield>
    <subfield code="3">IT\ICCU\CNCA\025279</subfield>
    <subfield code="z">Pietro : da#Tossignano</subfield>
  </datafield>
  <datafield tag="790" ind1=" " ind2="1">
    <subfield code="a">Tussignano,</subfield>
    <subfield code="b">Petrus : de</subfield>
    <subfield code="3">IT\ICCU\CNCA\026077</subfield>
    <subfield code="z">Pietro : da#Tossignano</subfield>
  </datafield>
  <datafield tag="790" ind1=" " ind2="0">
    <subfield code="a">Plinio</subfield>
    <subfield code="c"> &lt;il giovane&gt;</subfield>
    <subfield code="3">IT\ICCU\CNCA\010214</subfield>
    <subfield code="z">Plinius Caecilius Secundus, Gaius</subfield>
  </datafield>
  <datafield tag="790" ind1=" " ind2="1">
    <subfield code="a">Plinius Caecilius Secundus,</subfield>
    <subfield code="b">Caius</subfield>
    <subfield code="3">IT\ICCU\CNCA\022659</subfield>
    <subfield code="z">Plinius Caecilius Secundus, Gaius</subfield>
  </datafield>
  <datafield tag="790" ind1=" " ind2="0">
    <subfield code="a">Albert</subfield>
    <subfield code="c"> : der Grosse</subfield>
    <subfield code="3">IT\ICCU\CNCA\012421</subfield>
    <subfield code="z">Albertus : Magnus &lt;santo&gt;</subfield>
  </datafield>
  <datafield tag="790" ind1=" " ind2="0">
    <subfield code="a">Albert</subfield>
    <subfield code="c"> : von#Bollstd̃t</subfield>
    <subfield code="3">IT\ICCU\CNCA\018619</subfield>
    <subfield code="z">Albertus : Magnus &lt;santo&gt;</subfield>
  </datafield>
  <datafield tag="790" ind1=" " ind2="0">
    <subfield code="a">Alberto Magno</subfield>
    <subfield code="3">IT\ICCU\CNCA\018898</subfield>
    <subfield code="z">Albertus : Magnus &lt;santo&gt;</subfield>
  </datafield>
  <datafield tag="790" ind1=" " ind2="0">
    <subfield code="a">Mundinus</subfield>
    <subfield code="3">IT\ICCU\CNCA\014671</subfield>
    <subfield code="z">Mondino : dei#Liucci</subfield>
  </datafield>
  <datafield tag="790" ind1=" " ind2="0">
    <subfield code="a">Mundinus</subfield>
    <subfield code="c"> : de#Lentijs</subfield>
    <subfield code="3">IT\ICCU\CNCA\025882</subfield>
    <subfield code="z">Mondino : dei#Liucci</subfield>
  </datafield>
  <datafield tag="791" ind1="0" ind2="0">
    <subfield code="a">Schinzenzeler, Giovanni Angelo</subfield>
    <subfield code="3">IT\ICCU\CNCT\005621</subfield>
    <subfield code="z">Scinzenzeler, Giovanni Angelo</subfield>
  </datafield>
  <datafield tag="801" ind1=" " ind2="3">
    <subfield code="a">IT</subfield>
    <subfield code="b">ICCU</subfield>
    <subfield code="c">20201115</subfield>
  </datafield>
  <datafield tag="899" ind1=" " ind2=" ">
    <subfield code="a">Biblioteca universitaria. Pavia</subfield>
    <subfield code="1">PV0291</subfield>
    <subfield code="2">MIL UP</subfield>
  </datafield>
</record>
</collection>
